% Bremen Big Data Challenge - Edition 2019
%
% Data Analysis Competition
%
% Team `gentleman`
%
% Created on March 10, 2019
%
% Authors:
%   Gari Ciodaro <g.ciodaroguerra@jacobs-university.de>
%   Diogo Cosin <d.ayresdeoliveira@jacobs-university.de>
%   Ralph Florent <r.florent@jacobs-university.de>
%
% References block for the documentation

@article{cleveland1979robust,
  title={Robust locally weighted regression and smoothing scatterplots},
  author={Cleveland, William S},
  journal={Journal of the American statistical association},
  volume={74},
  number={368},
  pages={829--836},
  year={1979},
  publisher={Taylor \& Francis}
}

@article{oraintara2002integer,
  title={Integer fast Fourier transform},
  author={Oraintara, Soontorn and Chen, Ying-Jui and Nguyen, Truong Q},
  journal={IEEE Transactions on Signal Processing},
  volume={50},
  number={3},
  pages={607--618},
  year={2002},
  publisher={IEEE}
}

@online{bbdc,
	author={University of Bremen},
	title={The Bremen Big Data Challenge 2019},
	year={2019},
	month={5},
	URL={https://bbdc.csl.uni-bremen.de/}
}

@online{scikitlearn,
	author={The Scikit-Learn community},
	title={sklearn neural network MLPClassifier},
	year={2019},
	month={4},
	URL={https://scikit-learn.org/stable/modules/generated/sklearn.neural_network.MLPClassifier.html},
}

@book{james2013introduction,
  title={An introduction to statistical learning},
  author={James, Gareth and Witten, Daniela and Hastie, Trevor and Tibshirani, Robert},
  volume={112},
  year={2013},
  publisher={Springer}
}

@book{lecturenotes,
    title={Machine Learning Lectures Notes},
    author={Herbert Jaeger},
    month={3},
    year={2019},
    publisher={Jacobs University Bremen},
    URL={http://minds.jacobs-university.de/uploads/teaching/lectureNotes/LN_ML4IMS.pdf}
}

@online{matplotlibplot,
	author={The Matplotlib development team},
	title={matplotlib.pyplot.plot},
	year={2019},
	month={3},
	URL={https://matplotlib.org/api/_as_gen/matplotlib.pyplot.plot.html},
}

@online{pandasdataframe,
	author={Open Source community},
	title={pandas.Dataframe},
	year={2019},
	month={3},
	URL={https://pandas.pydata.org/pandas-docs/stable/reference/api/pandas.DataFrame.html},
}